@book{bitcoin-whitepaper,
    author  = {Satoshi Nakamoto},
    title   = {Bitcoin: A Peer-to-Peer Electronic Cash System},
    year    = {2008}
}

@book{ethereum-whitepaper,
    author  = {Vitalik Buterik},
    title   = {A next generation smart contract \& decentralized application platform},
    year    = {2013}
}

@book{bitcoin-yellowpaper,
    author  = {Gavin Wood},
    title   = {Ethereum: a secure decentralized generalised transaction ledger},
    year    = {2014}
}

@book{contact-tracing-blockchain,
    author  = {Hao Xu and Lei Zhang and Oluwakayode Onireti and Yang Fang and William Bill Buchanan and Muhammad Ali Imran},
    title   = {BeepTrace: Blockchain-enabled Privacy-preserving Contact Tracing for COVID-19 Pandemic and Beyond},
    year    = {2020}
}

@book{consensus,
    author  = {Amitai Porat and Avneesh Pratap and Parth Shah and Vinit Adkar},
    title   = {Blockchain Consensus: An analysis of Proof-of-Work and its applications},
    year    = {2017}
}

@book{byzantine,
    author  = {Miguel Correia},
    title   = {From Byzantine Consensus to Blockchain Consensus},
    year    = {2019}
}

@online{site:sync-lab,
    title   = {Sito web di Sync Lab},
    url     = {http://ww.synclab.it/}
}

@online{site:ethereum,
    title   = {Documentazione di Ethereum},
    url     = {https://ethereum.org/en/developers/}
}

@online{site:solidity,
    title   = {Documentazione di Solidity},
    url     = {https://solidity.readthedocs.io/en/v0.6.11/}
}

@online{site:web3js,
    title   = {Documentazione di web3js},
    url     = {https://web3js.readthedocs.io/en/v1.2.9/}
}

@online{site:web3j,
    title   = {Documentazione di web3j},
    url     = {https://docs.web3j.io/}
}

@online{site:sync-lab,
    title   = {Sito web di Sync Lab},
    url     = {http://ww.synclab.it/}
}

@online{site:gas-medium,
    title   = {Come ridurre i consumi di gas},
    url     = {https://medium.com/layerx/how-to-reduce-gas-cost-in-solidity-f2e5321e0395}
}

@online{site:web3j-medium,
    title   = {Introduzione sullo sviluppo in android con web3j e infura},
    url     = {https://medium.com/datadriveninvestor/an-introduction-to-ethereum-development-on-android-using-web3j-and-infura-763940719997}
}

@online{site:pow,
    title   = {Proof of work},
    url     = {https://en.bitcoin.it/wiki/Proof_of_work}
}

@online{site:pos,
    title   = {Proof of Stake},
    url     = {https://en.bitcoin.it/wiki/Proof_of_Stake}
}

@online{site:eth2,
    title   = {Ethereum 2.0},
    url     = {https://docs.ethhub.io/ethereum-roadmap/ethereum-2.0/eth-2.0-phases/}
}
